@article{DBLP:journals/cacm/Denning76,
  author    = {Dorothy E. Denning},
  title     = {A Lattice Model of Secure Information Flow},
  journal   = {Commun. {ACM}},
  volume    = {19},
  number    = {5},
  pages     = {236--243},
  year      = {1976},
  url       = {http://doi.acm.org/10.1145/360051.360056},
  doi       = {10.1145/360051.360056},
  timestamp = {Tue, 07 Jun 2011 16:51:03 +0200},
  biburl    = {http://dblp.org/rec/bib/journals/cacm/Denning76},
  bibsource = {dblp computer science bibliography, http://dblp.org}
}

@inproceedings{DBLP:conf/sp/GoguenM82a,
  author    = {Joseph A. Goguen and
               Jos{\'{e}} Meseguer},
  title     = {Security Policies and Security Models},
  booktitle = {1982 {IEEE} Symposium on Security and Privacy, Oakland, CA, USA, April
               26-28, 1982},
  pages     = {11--20},
  year      = {1982},
  crossref  = {DBLP:conf/sp/1982},
  url       = {https://doi.org/10.1109/SP.1982.10014},
  doi       = {10.1109/SP.1982.10014},
  timestamp = {Fri, 26 May 2017 00:50:06 +0200},
  biburl    = {http://dblp.org/rec/bib/conf/sp/GoguenM82a},
  bibsource = {dblp computer science bibliography, http://dblp.org}
}

@article{DBLP:journals/jcs/VolpanoIS96,
  author    = {Dennis M. Volpano and
               Cynthia E. Irvine and
               Geoffrey Smith},
  title     = {A Sound Type System for Secure Flow Analysis},
  journal   = {Journal of Computer Security},
  volume    = {4},
  number    = {2/3},
  pages     = {167--188},
  year      = {1996},
  url       = {https://doi.org/10.3233/JCS-1996-42-304},
  doi       = {10.3233/JCS-1996-42-304},
  timestamp = {Fri, 26 May 2017 22:53:13 +0200},
  biburl    = {http://dblp.org/rec/bib/journals/jcs/VolpanoIS96},
  bibsource = {dblp computer science bibliography, http://dblp.org}
}

@inproceedings{DBLP:conf/dagstuhl/SchneiderMH01,
  author    = {Fred B. Schneider and
               J. Gregory Morrisett and
               Robert Harper},
  title     = {A Language-Based Approach to Security},
  booktitle = {Informatics - 10 Years Back. 10 Years Ahead.},
  pages     = {86--101},
  year      = {2001},
  crossref  = {DBLP:conf/dagstuhl/2001},
  url       = {https://doi.org/10.1007/3-540-44577-3_6},
  doi       = {10.1007/3-540-44577-3_6},
  timestamp = {Fri, 26 May 2017 14:09:15 +0200},
  biburl    = {http://dblp.org/rec/bib/conf/dagstuhl/SchneiderMH01},
  bibsource = {dblp computer science bibliography, http://dblp.org}
}

@article{DBLP:journals/jsac/SabelfeldM03,
  author    = {Andrei Sabelfeld and
               Andrew C. Myers},
  title     = {Language-based information-flow security},
  journal   = {{IEEE} Journal on Selected Areas in Communications},
  volume    = {21},
  number    = {1},
  pages     = {5--19},
  year      = {2003},
  url       = {https://doi.org/10.1109/JSAC.2002.806121},
  doi       = {10.1109/JSAC.2002.806121},
  timestamp = {Fri, 26 May 2017 22:52:57 +0200},
  biburl    = {http://dblp.org/rec/bib/journals/jsac/SabelfeldM03},
  bibsource = {dblp computer science bibliography, http://dblp.org}
}

@article{DBLP:journals/ijisec/ZhengM07,
	author    = {Lantian Zheng and
	Andrew C. Myers},
	title     = {Dynamic security labels and static information flow control},
	journal   = {Int. J. Inf. Sec.},
	volume    = {6},
	number    = {2-3},
	pages     = {67--84},
	year      = {2007},
	url       = {https://doi.org/10.1007/s10207-007-0019-9},
	doi       = {10.1007/s10207-007-0019-9},
	timestamp = {Sat, 27 May 2017 14:25:24 +0200},
	biburl    = {http://dblp.org/rec/bib/journals/ijisec/ZhengM07},
	bibsource = {dblp computer science bibliography, http://dblp.org}
}

@inproceedings{DBLP:conf/esorics/AskarovHSS08,
	author    = {Aslan Askarov and
	Sebastian Hunt and
	Andrei Sabelfeld and
	David Sands},
	title     = {Termination-Insensitive Noninterference Leaks More Than Just a Bit},
	booktitle = {Computer Security - {ESORICS} 2008, 13th European Symposium on Research
	in Computer Security, M{\'{a}}laga, Spain, October 6-8, 2008.
	Proceedings},
	pages     = {333--348},
	year      = {2008},
	crossref  = {DBLP:conf/esorics/2008},
	url       = {https://doi.org/10.1007/978-3-540-88313-5_22},
	doi       = {10.1007/978-3-540-88313-5_22},
	timestamp = {Tue, 13 Jun 2017 10:37:56 +0200},
	biburl    = {http://dblp.org/rec/bib/conf/esorics/AskarovHSS08},
	bibsource = {dblp computer science bibliography, http://dblp.org}
}

@inproceedings{DBLP:conf/csfw/ChudnovN10,
  author    = {Andrey Chudnov and
               David A. Naumann},
  title     = {Information Flow Monitor Inlining},
  booktitle = {Proceedings of the 23rd {IEEE} Computer Security Foundations Symposium,
               {CSF} 2010, Edinburgh, United Kingdom, July 17-19, 2010},
  pages     = {200--214},
  year      = {2010},
  crossref  = {DBLP:conf/csfw/2010},
  url       = {https://doi.org/10.1109/CSF.2010.21},
  doi       = {10.1109/CSF.2010.21},
  timestamp = {Thu, 25 May 2017 00:40:51 +0200},
  biburl    = {http://dblp.org/rec/bib/conf/csfw/ChudnovN10},
  bibsource = {dblp computer science bibliography, http://dblp.org}
}

@inproceedings{DBLP:conf/csfw/RussoS10,
  author    = {Alejandro Russo and
               Andrei Sabelfeld},
  title     = {Dynamic vs. Static Flow-Sensitive Security Analysis},
  booktitle = {Proceedings of the 23rd {IEEE} Computer Security Foundations Symposium,
               {CSF} 2010, Edinburgh, United Kingdom, July 17-19, 2010},
  pages     = {186--199},
  year      = {2010},
  crossref  = {DBLP:conf/csfw/2010},
  url       = {https://doi.org/10.1109/CSF.2010.20},
  doi       = {10.1109/CSF.2010.20},
  timestamp = {Thu, 25 May 2017 00:40:51 +0200},
  biburl    = {http://dblp.org/rec/bib/conf/csfw/RussoS10},
  bibsource = {dblp computer science bibliography, http://dblp.org}
}

@article{DBLP:journals/jfp/SewellNOPRSS10,
  author    = {Peter Sewell and
               Francesco Zappa Nardelli and
               Scott Owens and
               Gilles Peskine and
               Thomas Ridge and
               Susmit Sarkar and
               Rok Strnisa},
  title     = {Ott: Effective tool support for the working semanticist},
  journal   = {J. Funct. Program.},
  volume    = {20},
  number    = {1},
  pages     = {71--122},
  year      = {2010},
  url       = {https://doi.org/10.1017/S0956796809990293},
  doi       = {10.1017/S0956796809990293},
  timestamp = {Sat, 16 Sep 2017 12:05:52 +0200},
  biburl    = {http://dblp.org/rec/bib/journals/jfp/SewellNOPRSS10},
  bibsource = {dblp computer science bibliography, http://dblp.org}
}

@inproceedings{DBLP:conf/ccs/MooreAC12,
	author    = {Scott Moore and
	Aslan Askarov and
	Stephen Chong},
	title     = {Precise enforcement of progress-sensitive security},
	booktitle = {the {ACM} Conference on Computer and Communications Security, CCS'12,
	Raleigh, NC, USA, October 16-18, 2012},
	pages     = {881--893},
	year      = {2012},
	crossref  = {DBLP:conf/ccs/2012},
	url       = {http://doi.acm.org/10.1145/2382196.2382289},
	doi       = {10.1145/2382196.2382289},
	timestamp = {Tue, 16 Oct 2012 19:19:53 +0200},
	biburl    = {http://dblp.org/rec/bib/conf/ccs/MooreAC12},
	bibsource = {dblp computer science bibliography, http://dblp.org}
}

@inproceedings{DBLP:conf/csfw/HedinBS15,
	author    = {Daniel Hedin and
	Luciano Bello and
	Andrei Sabelfeld},
	title     = {Value-Sensitive Hybrid Information Flow Control for a JavaScript-Like
	Language},
	booktitle = {{IEEE} 28th Computer Security Foundations Symposium, {CSF} 2015, Verona,
	Italy, 13-17 July, 2015},
	pages     = {351--365},
	year      = {2015},
	crossref  = {DBLP:conf/csfw/2015},
	url       = {https://doi.org/10.1109/CSF.2015.31},
	doi       = {10.1109/CSF.2015.31},
	timestamp = {Thu, 25 May 2017 00:40:50 +0200},
	biburl    = {http://dblp.org/rec/bib/conf/csfw/HedinBS15},
	bibsource = {dblp computer science bibliography, http://dblp.org}
}

@inproceedings{DBLP:conf/csfw/AskarovCM15,
  author    = {Aslan Askarov and
               Stephen Chong and
               Heiko Mantel},
  title     = {Hybrid Monitors for Concurrent Noninterference},
  booktitle = {{IEEE} 28th Computer Security Foundations Symposium, {CSF} 2015, Verona,
               Italy, 13-17 July, 2015},
  pages     = {137--151},
  year      = {2015},
  crossref  = {DBLP:conf/csfw/2015},
  url       = {https://doi.org/10.1109/CSF.2015.17},
  doi       = {10.1109/CSF.2015.17},
  timestamp = {Thu, 25 May 2017 00:40:50 +0200},
  biburl    = {http://dblp.org/rec/bib/conf/csfw/AskarovCM15},
  bibsource = {dblp computer science bibliography, http://dblp.org}
}

@article{DBLP:journals/jfp/HritcuLSADHPV16,
	author    = {Catalin Hritcu and
	Leonidas Lampropoulos and
	Antal Spector{-}Zabusky and
	Arthur Azevedo de Amorim and
	Maxime D{\'{e}}n{\`{e}}s and
	John Hughes and
	Benjamin C. Pierce and
	Dimitrios Vytiniotis},
	title     = {Testing noninterference, quickly},
	journal   = {J. Funct. Program.},
	volume    = {26},
	pages     = {e4},
	year      = {2016},
	url       = {https://doi.org/10.1017/S0956796816000058},
	doi       = {10.1017/S0956796816000058},
	timestamp = {Sat, 27 May 2017 14:24:34 +0200},
	biburl    = {http://dblp.org/rec/bib/journals/jfp/HritcuLSADHPV16},
	bibsource = {dblp computer science bibliography, http://dblp.org}
}

@article{DBLP:journals/compsec/BedfordCDKT17,
  bibsource = { dblp computer science bibliography, http://dblp.org },
  biburl = { http://dblp.uni-trier.de/rec/bib/journals/compsec/BedfordCDKT17 },
  timestamp = { Wed, 18 Oct 2017 01:00:00 +0200 },
  doi = { 10.1016/j.cose.2017.04.001 },
  url = { https://doi.org/10.1016/j.cose.2017.04.001 },
  year = { 2017 },
  pages = { 114--131 },
  volume = { 71 },
  journal = { Computers {\&} Security },
  title = { A progress-sensitive flow-sensitive inlined information-flow control
               monitor (extended version) },
  author = { Andrew Bedford and
               Stephen Chong and
               Jos{\'{e}}e Desharnais and
               Elisavet Kozyri and
               Nadia Tawbi }
}

@misc{Coq,
	title = {The Coq Proof Assistant},
	howpublished = {\url{https://coq.inria.fr/}}
}

@misc{Ott,
	title = {Ott},
	howpublished = {\url{http://www.cl.cam.ac.uk/~pes20/ott/}}
}


@misc{IsabelleHOL,
	title = {Isabelle/HOL},
	howpublished = {\url{https://isabelle.in.tum.de/}}
}


@misc{GitHub:ott-ifc,
  author = {Andrew Bedford},
  title = {Ott-IFC's Repository},
  year = {2017},
  howpublished = {\url{https://github.com/andrew-bedford/ott-ifc}}
}
