@inproceedings{DBLP:conf/dagstuhl/SchneiderMH01,
  author    = {Fred B. Schneider and
               J. Gregory Morrisett and
               Robert Harper},
  title     = {A Language-Based Approach to Security},
  booktitle = {Informatics - 10 Years Back. 10 Years Ahead.},
  pages     = {86--101},
  year      = {2001},
  crossref  = {DBLP:conf/dagstuhl/2001},
  url       = {https://doi.org/10.1007/3-540-44577-3_6},
  doi       = {10.1007/3-540-44577-3_6},
  timestamp = {Fri, 26 May 2017 14:09:15 +0200},
  biburl    = {http://dblp.org/rec/bib/conf/dagstuhl/SchneiderMH01},
  bibsource = {dblp computer science bibliography, http://dblp.org}
}

@article{DBLP:journals/jfp/SewellNOPRSS10,
  author    = {Peter Sewell and
               Francesco Zappa Nardelli and
               Scott Owens and
               Gilles Peskine and
               Thomas Ridge and
               Susmit Sarkar and
               Rok Strnisa},
  title     = {Ott: Effective tool support for the working semanticist},
  journal   = {J. Funct. Program.},
  volume    = {20},
  number    = {1},
  pages     = {71--122},
  year      = {2010},
  url       = {https://doi.org/10.1017/S0956796809990293},
  doi       = {10.1017/S0956796809990293},
  timestamp = {Sat, 16 Sep 2017 12:05:52 +0200},
  biburl    = {http://dblp.org/rec/bib/journals/jfp/SewellNOPRSS10},
  bibsource = {dblp computer science bibliography, http://dblp.org}
}

@misc{Coqatoo,
  author = {Andrew Bedford},
  title = {ott-ifc's Repository},
  year = {2017},
  howpublished = {\url{https://github.com/andrew-bedford/ott-ifc}}
}
